<?xml version="1.0" encoding="UTF-8"?><collection xmlns="http://www.loc.gov/MARC21/slim"><record><leader>00349nam--2200133-i-4500</leader><controlfield tag="001">000032907</controlfield><controlfield tag="002">20161230</controlfield><controlfield tag="005">20161230201039</controlfield><controlfield tag="008">060222s1000------------r-----000-0-eng-d</controlfield><datafield ind1=" " ind2=" " tag="020"><subfield code="a">ACAD. DE STIINTE A URSS</subfield></datafield><datafield ind1=" " ind2=" " tag="100"><subfield code="a">Spitin, V.I</subfield></datafield><datafield ind1=" " ind2=" " tag="245"><subfield code="a">Kodocigov, p.n</subfield></datafield><datafield ind1=" " ind2=" " tag="260"><subfield code="a">Golutvina, M.M</subfield></datafield><datafield ind1=" " ind2=" " tag="490"><subfield code="a">Bucuresti, Edit. Tehnica, 1957. 298p. Cu Fig. + Erata</subfield></datafield></record></collection>